%% This BibTeX bibliography file was created using BibDesk.
%% http://bibdesk.sourceforge.net/

%% Created for Joel at 2019-06-04 17:38:34 +0200 


%% Saved with string encoding Unicode (UTF-8) 



@inproceedings{bosagh-zadeh:16,
	Author = {Bosagh Zadeh, Reza and Meng, Xiangrui and Ulanov, Alexander and Yavuz, Burak and Pu, Li and Venkataraman, Shivaram and Sparks, Evan and Staple, Aaron and Zaharia, Matei},
	Booktitle = {Proceedings of the 22nd ACM SIGKDD International Conference on Knowledge Discovery and Data Mining},
	Date-Added = {2019-06-04 13:57:24 +0200},
	Date-Modified = {2019-06-04 13:57:26 +0200},
	Organization = {ACM},
	Pages = {31--38},
	Title = {Matrix computations and optimization in apache spark},
	Year = {2016},
	Bdsk-File-1 = {YnBsaXN0MDDSAQIDBFxyZWxhdGl2ZVBhdGhZYWxpYXNEYXRhXxAcLi4vZG9jcy9tYXRyaXgtc3Bhcmsta2RkLnBkZk8RAYgAAAAAAYgAAgAADE1hY2ludG9zaCBIRAAAAAAAAAAAAAAAAAAAAAAAAABCRAAB/////xRtYXRyaXgtc3Bhcmsta2RkLnBkZgAAAAAAAAAAAAAAAAAAAAAAAAAAAAAAAAAAAAAAAAAAAAAAAAAAAAAAAAD/////AAAAAAAAAAAAAAAAAAEAAgAACiBjdQAAAAAAAAAAAAAAAAAEZG9jcwACAEQvOlVzZXJzOmpvZTpQcm9qZWN0czp3YXNwOndhc3AtY2xvdWQtc3Bhcms6ZG9jczptYXRyaXgtc3Bhcmsta2RkLnBkZgAOACoAFABtAGEAdAByAGkAeAAtAHMAcABhAHIAawAtAGsAZABkAC4AcABkAGYADwAaAAwATQBhAGMAaQBuAHQAbwBzAGgAIABIAEQAEgBCVXNlcnMvam9lL1Byb2plY3RzL3dhc3Avd2FzcC1jbG91ZC1zcGFyay9kb2NzL21hdHJpeC1zcGFyay1rZGQucGRmABMAAS8AABUAAgAK//8AAAAIAA0AGgAkAEMAAAAAAAACAQAAAAAAAAAFAAAAAAAAAAAAAAAAAAABzw==}}
